

@inproceedings{moreno_automatic_2014,
	title = {Automatic detection of bad programming habits in scratch: {A} preliminary study},
	shorttitle = {Automatic detection of bad programming habits in scratch},
	doi = {10.1109/FIE.2014.7044055},
	booktitle = {2014 {IEEE} {Frontiers} in {Education} {Conference} ({FIE})},
	author = {Moreno, J. and Robles, G.},
	month = oct,
	year = {2014},
	keywords = {automatic assessment, bad habits, bad programming habit detection, Communities, Computers, Computer science education, Educational institutions, empirical analysis, learning, programming, Programming profession, Scratch, Scratch community Web site, Scratch repository, visual programming, visual programming language, Web sites},
	pages = {1--4},
}

@article{moreno-leon_dr._2015,
	title = {Dr. {Scratch}: {Automatic} {Analysis} of {Scratch} {Projects} to {Assess} and {Foster} {Computational} {Thinking}},
	issn = {1578-7680},
	shorttitle = {Dr. {Scratch}},
	url = {https://doaj.org},
	abstract = {DOAJ is an online directory that indexes and provides access to quality open access, peer-reviewed journals.},
	number = {46},
	urldate = {2016-02-11},
	journal = {RED : Revista de Educaci{\'o}n a Distancia},
	author = {Moreno-Le{\'o}n, Jes{\'u}s and Robles, Gregorio and Rom{\'a}n-Gonz{\'a}lez, Marcos},
	month = jan,
	year = {2015},
	pages = {1--23},
}

@inproceedings{moreno-leon_dr._2015-1,
	address = {New York, NY, USA},
	series = {{WiPSCE} '15},
	title = {Dr. {Scratch}: {A} {Web} {Tool} to {Automatically} {Evaluate} {Scratch} {Projects}},
	isbn = {978-1-4503-3753-3},
	shorttitle = {Dr. {Scratch}},
	url = {http://doi.acm.org/10.1145/2818314.2818338},
	doi = {10.1145/2818314.2818338},
	abstract = {This poster paper presents the operation and the new features of Dr. Scratch, an award-winning gamified web application that allows to perform automatic analysis of Scratch projects to assess the development of computational thinking and detect some bad programming habits that are common in students learning to program in this environment.},
	urldate = {2016-02-11},
	booktitle = {Proceedings of the {Workshop} in {Primary} and {Secondary} {Computing} {Education}},
	publisher = {ACM},
	author = {Moreno-León, Jesús and Robles, Gregorio},
	year = {2015},
	keywords = {Assessment, coding, computational thinking, learning, Scratch},
	pages = {132--133},
}

@inproceedings{boe_hairball:_2013,
	address = {New York, NY, USA},
	series = {{SIGCSE} '13},
	title = {Hairball: {Lint}-inspired {Static} {Analysis} of {Scratch} {Projects}},
	isbn = {978-1-4503-1868-6},
	shorttitle = {Hairball},
	url = {http://doi.acm.org/10.1145/2445196.2445265},
	doi = {10.1145/2445196.2445265},
	urldate = {2016-02-11},
	booktitle = {Proceeding of the 44th {ACM} {Technical} {Symposium} on {Computer} {Science} {Education}},
	publisher = {ACM},
	author = {Boe, Bryce and Hill, Charlotte and Len, Michelle and Dreschler, Greg and Conrad, Phillip and Franklin, Diana},
	year = {2013},
	keywords = {automated assessment, Scratch, static analysis},
	pages = {215--220},
	file = {ACM Full Text PDF:C\:\\Users\\Felienne\\AppData\\Roaming\\Zotero\\Zotero\\Profiles\\dgizxtry.default\\zotero\\storage\\6B7C9F8C\\Boe et al. - 2013 - Hairball Lint-inspired Static Analysis of Scratch.pdf:application/pdf}
}


@inproceedings{meerbaum-salant_learning_2010,
	address = {New York, NY, USA},
	series = {{ICER} '10},
	title = {Learning {Computer} {Science} {Concepts} with {Scratch}},
	isbn = {978-1-4503-0257-9},
	doi = {10.1145/1839594.1839607},
	urldate = {2016-02-02},
	booktitle = {Proceedings of the {Sixth} {International} {Workshop} on {Computing} {Education} {Research}},
	publisher = {ACM},
	author = {Meerbaum-Salant, Orni and Armoni, Michal and Ben-Ari, Mordechai (Moti)},
	year = {2010},
	keywords = {bloom's taxonomy, concurrency, middle schools, Scratch, solo taxonomy},
	pages = {69--76},
	file = {ACM Full Text PDF:C\:\\Users\\Felienne\\AppData\\Roaming\\Zotero\\Zotero\\Profiles\\dgizxtry.default\\zotero\\storage\\KFMWSW9Z\\Meerbaum-Salant et al. - 2010 - Learning Computer Science Concepts with Scratch.pdf:application/pdf}
}


@article{resnick_scratch:_2009,
	title = {Scratch: {Programming} for {All}},
	volume = {52},
	issn = {0001-0782},
	shorttitle = {Scratch},
	doi = {10.1145/1592761.1592779},
	abstract = {"Digital fluency" should mean designing, creating, and remixing, not just browsing, chatting, and interacting.},
	number = {11},
	urldate = {2016-02-02},
	journal = {Commun. ACM},
	author = {Resnick, Mitchel and Maloney, John and Monroy-Hernández, Andrés and Rusk, Natalie and Eastmond, Evelyn and Brennan, Karen and Millner, Amon and Rosenbaum, Eric and Silver, Jay and Silverman, Brian and Kafai, Yasmin},
	month = nov,
	year = {2009},
	pages = {60--67},
	file = {ACM Full Text PDF:C\:\\Users\\Felienne\\AppData\\Roaming\\Zotero\\Zotero\\Profiles\\dgizxtry.default\\zotero\\storage\\T47CR958\\Resnick et al. - 2009 - Scratch Programming for All.pdf:application/pdf}
}


@inproceedings{Meerbaum_habits_2011,
 author = {Meerbaum-Salant, Orni and Armoni, Michal and Ben-Ari, Mordechai},
 title = {Habits of Programming in Scratch},
 booktitle = {Proceedings of the 16th Annual Joint Conference on Innovation and Technology in Computer Science Education},
 series = {ITiCSE '11},
 year = {2011},
 isbn = {978-1-4503-0697-3},
 location = {Darmstadt, Germany},
 pages = {168--172},
 numpages = {5},
 url = {http://doi.acm.org/10.1145/1999747.1999796},
 doi = {10.1145/1999747.1999796},
 acmid = {1999796},
 publisher = {ACM},
 address = {New York, NY, USA},
 keywords = {habits, middle schools, scratch},
} 

@inproceedings{wilson_evaluation_2012,
  title={Evaluation of computer games developed by primary school children to gauge understanding of programming concepts},
  author={Wilson, Amanda and Hainey, Thomas and Connolly, Thomas},
  booktitle={European Conference on Games Based Learning},
  pages={549},
  year={2012},
  organization={Academic Conferences International Limited}
}

@inproceedings{Maloney_2008,
 author = {Maloney, John H. and Peppler, Kylie and Kafai, Yasmin and Resnick, Mitchel and Rusk, Natalie},
 title = {Programming by Choice: Urban Youth Learning Programming with Scratch},
 booktitle = {Proceedings of the 39th SIGCSE Technical Symposium on Computer Science Education},
 series = {SIGCSE '08},
 year = {2008},
 isbn = {978-1-59593-799-5},
 location = {Portland, OR, USA},
 pages = {367--371},
 numpages = {5},
 doi = {10.1145/1352135.1352260},
 acmid = {1352260},
 publisher = {ACM},
 keywords = {novice programming environments, scratch, wider-access},
} 

@inproceedings{Dasgupta_2016,
 author = {Dasgupta, Sayamindu and Hale, William and Monroy-Hern\'{a}ndez, Andr{\'e}s and Hill, Benjamin Mako},
 title = {Remixing As a Pathway to Computational Thinking},
 booktitle = {Proceedings of the 19th ACM Conference on Computer-Supported Cooperative Work \& Social Computing},
 series = {CSCW '16},
 year = {2016},
 isbn = {978-1-4503-3592-8},
 location = {San Francisco, California, USA},
 pages = {1438--1449},
 numpages = {12},
 url = {http://doi.acm.org/10.1145/2818048.2819984},
 doi = {10.1145/2818048.2819984},
 acmid = {2819984},
 publisher = {ACM},
 address = {New York, NY, USA},
 keywords = {computer mediated communication, computers and children, creativity support tools, learning, online communities, peer production, remixing, social computing and social navigation},
} 

@inproceedings{Fields_2014,
 author = {Fields, Deborah A. and Giang, Michael and Kafai, Yasmin},
 title = {Programming in the Wild: Trends in Youth Computational Participation in the Online Scratch Community},
 booktitle = {Proceedings of the 9th Workshop in Primary and Secondary Computing Education},
 series = {WiPSCE '14},
 year = {2014},
 isbn = {978-1-4503-3250-7},
 location = {Berlin, Germany},
 pages = {2--11},
 numpages = {10},
 doi = {10.1145/2670757.2670768},
 acmid = {2670768},
 publisher = {ACM},
 keywords = {collaborative learning, computer science education, social networking sites},
} 

@inproceedings{Yang_2015,
 author = {Yang, Seungwon and Domeniconi, Carlotta and Revelle, Matt and Sweeney, Mack and Gelman, Ben U. and Beckley, Chris and Johri, Aditya},
 title = {Uncovering Trajectories of Informal Learning in Large Online Communities of Creators},
 booktitle = {Proceedings of the Second ACM Conference on Learning @ Scale},
 year = {2015},
 isbn = {978-1-4503-3411-2},
 location = {Vancouver, BC, Canada},
 pages = {131--140},
 numpages = {10},
 doi = {10.1145/2724660.2724674},
 acmid = {2724674},
 publisher = {ACM},
 keywords = {clustering, informal learning, learning analytics, modeling, online community, programming, scratch},
} 

@INPROCEEDINGS{hermans_2016, 
author={F. Hermans and E. Aivaloglou}, 
booktitle={2016 IEEE 24th International Conference on Program Comprehension}, 
title={Do code smells hamper novice programming? A controlled experiment on Scratch programs}, 
year={2016}, 
pages={1-10}, 
keywords={computer aided instruction;computer science education;programming languages;block-based programming languages;duplication smell;long method smell;programming education;programming language Scratch;Computer languages;Education;Games;Programming profession;Sprites (computer)}, 
doi={10.1109/ICPC.2016.7503706}, 
}

@inproceedings{Aivaloglou_2016,
 author = {Aivaloglou, Efthimia and Hermans, Felienne},
 title = {How Kids Code and How We Know: An Exploratory Study on the Scratch Repository},
 booktitle = {Proceedings of the 2016 ACM Conference on International Computing Education Research},
 series = {ICER '16},
 year = {2016},
 isbn = {978-1-4503-4449-4},
 location = {Melbourne, VIC, Australia},
 pages = {53--61},
 numpages = {9},
 doi = {10.1145/2960310.2960325},
 acmid = {2960325},
 publisher = {ACM},
 keywords = {block-based languages, code smells, programming practices, scratch, static analysis},
} 

@inproceedings{Seiter_2013,
 author = {Seiter, Linda and Foreman, Brendan},
 title = {Modeling the Learning Progressions of Computational Thinking of Primary Grade Students},
 booktitle = {Proceedings of the Ninth Annual International ACM Conference on International Computing Education Research},
 year = {2013},
 isbn = {978-1-4503-2243-0},
 location = {San Diego, San California, USA},
 pages = {59--66},
 numpages = {8},
 doi = {10.1145/2493394.2493403},
 acmid = {2493403},
 publisher = {ACM},
 keywords = {assessment, computational thinking, programming, scratch},
} 

@inproceedings{Robles_2017,
	title = {Software Clones in Scratch Projects: On the Presence of Copy-and-Paste in Computational Thinking Learning},
	booktitle = {Proceedings of the 11th International Workshop on Software Clones},
	author = { Robles, Gregorio and Moreno-Le{\'o}n, Jes{\'u}s and Aivaloglou, Efthimia and Hermans, Felienne},
	year = {2017},
	note = (to appear)
}

@book{fowler_refactoring:_1999,
	address = {Boston, MA, USA},
	title = {Refactoring: improving the design of existing code},
	isbn = {0-201-48567-2},
	publisher = {Addison-Wesley Longman Publishing Co., Inc.},
	author = {Fowler, M.},
	year = {1999}
}

@INPROCEEDINGS{hermans_2016, 
author={F. Hermans and E. Aivaloglou}, 
booktitle={2016 IEEE 24th International Conference on Program Comprehension (ICPC)}, 
title={Do code smells hamper novice programming? A controlled experiment on Scratch programs}, 
year={2016}, 
pages={1-10}, 
doi={10.1109/ICPC.2016.7503706}, 
month={May},}


@article{2017_scratch_dataset,
	Author = {Hill, Benjamin Mako and Monroy-Hern{\'a}ndez, Andr{\'e}s},
	Date = {2017/01/31/online},
	Date-Added = {2017-02-17 16:25:08 +0000},
	Date-Modified = {2017-02-17 16:25:08 +0000},
	Day = {31},
	Journal = {Scientific Data},
	L3 = {10.1038/sdata.2017.2; },
	M3 = {Data Descriptor},
	Month = {01},
	Pages = {170002 EP  -},
	Publisher = {The Author(s) SN  -},
	Title = {A longitudinal dataset of five years of public activity in the Scratch online community},
	Ty = {JOUR},
	Url = {http://dx.doi.org/10.1038/sdata.2017.2},
	Volume = {4},
	Year = {2017},
	Bdsk-Url-1 = {http://dx.doi.org/10.1038/sdata.2017.2}}


